<?xml version="1.0" encoding="UTF-8"?><record xmlns="http://www.loc.gov/MARC21/slim" xmlns:cinclude="http://apache.org/cocoon/include/1.0" xmlns:zs="http://www.loc.gov/zing/srw/">
  <leader>00420nz  a2200121n  4500</leader>
  <controlfield tag="001">n 2008033115</controlfield>
  <controlfield tag="003">DLC</controlfield>
  <controlfield tag="005">20080506075017.0</controlfield>
  <controlfield tag="008">080505n| acannaabn          |n aaa      </controlfield>
  <datafield tag="010" ind1=" " ind2=" ">
    <subfield code="a">n 2008033115</subfield>
  </datafield>
  <datafield tag="040" ind1=" " ind2=" ">
    <subfield code="a">DLC</subfield>
    <subfield code="b">eng</subfield>
    <subfield code="c">DLC</subfield>
  </datafield>
  <datafield tag="100" ind1="1" ind2=" ">
    <subfield code="a">Evans, Frank P.</subfield>
    <subfield code="q">(Frank Paxton),</subfield>
    <subfield code="d">1880-1917</subfield>
  </datafield>
  <datafield tag="670" ind1=" " ind2=" ">
    <subfield code="a">Library of Congress Manuscript Division for the Rudulph Evans papers, 1862-2001</subfield>
    <subfield code="b">(Frank P. Evans; Frank Paxton Evans; b. 1880; d. 1917)</subfield>
  </datafield>
</record>